@ARTICLE{1982Natur.300..615B,
   author = {{Backer}, D.~C. and {Kulkarni}, S.~R. and {Heiles}, C. and {Davis}, M.~M. and 
	{Goss}, W.~M.},
    title = "{A millisecond pulsar}",
  journal = {\nat},
 keywords = {Pulsars, Radio Astronomy, Scintillation, Stellar Evolution, Decametric Waves, Energy Dissipation, Radiant Flux Density, Spectrum Analysis, Stellar Spectra},
     year = 1982,
    month = dec,
   volume = 300,
    pages = {615-618},
      doi = {10.1038/300615a0},
   adsurl = {http://adsabs.harvard.edu/abs/1982Natur.300..615B},
  adsnote = {Provided by the SAO/NASA Astrophysics Data System}
}

@ARTICLE{2015MNRAS.452.1254K,
       author = {{Karastergiou}, A. and {Chennamangalam}, J. and {Armour}, W. and
         {Williams}, C. and {Mort}, B. and {Dulwich}, F. and {Salvini}, S. and
         {Magro}, A. and {Roberts}, S. and {Serylak}, M. and {Doo}, A. and
         {Bilous}, A.~V. and {Breton}, R.~P. and {Falcke}, H. and
         {Grie{\ss}meier}, J. -M. and {Hessels}, J.~W.~T. and {Keane}, E.~F. and
         {Kondratiev}, V.~I. and {Kramer}, M. and {van Leeuwen}, J. and
         {Noutsos}, A. and {Os{\l}owski}, S. and {Sobey}, C. and
         {Stappers}, B.~W. and {Weltevrede}, P.},
        title = "{Limits on fast radio bursts at 145 MHz with ARTEMIS, a real-time software backend}",
      journal = {\mnras},
     keywords = {instrumentation: miscellaneous, pulsars: general, Astrophysics - Instrumentation and Methods for Astrophysics, Astrophysics - High Energy Astrophysical Phenomena},
         year = "2015",
        month = "Sep",
       volume = {452},
        pages = {1254-1262},
          doi = {10.1093/mnras/stv1306},
archivePrefix = {arXiv},
       eprint = {1506.03370},
 primaryClass = {astro-ph.IM},
       adsurl = {https://ui.adsabs.harvard.edu/\#abs/2015MNRAS.452.1254K},
      adsnote = {Provided by the SAO/NASA Astrophysics Data System}
}

@ARTICLE{2017MNRAS.470.2659G,
       author = {{Geyer}, M. and {Karastergiou}, A. and {Kondratiev}, V.~I. and
         {Zagkouris}, K. and {Kramer}, M. and {Stappers}, B.~W. and
         {Grie{\ss}meier}, J. -M. and {Hessels}, J.~W.~T. and {Michilli}, D. and
         {Pilia}, M. and {Sobey}, C.},
        title = "{Scattering analysis of LOFAR pulsar observations}",
      journal = {\mnras},
     keywords = {scattering, pulsars: general, ISM: structure, scattering - pulsars: general, Astrophysics - High Energy Astrophysical Phenomena},
         year = "2017",
        month = "Sep",
       volume = {470},
        pages = {2659-2679},
          doi = {10.1093/mnras/stx1151},
archivePrefix = {arXiv},
       eprint = {1706.04205},
 primaryClass = {astro-ph.HE},
       adsurl = {https://ui.adsabs.harvard.edu/\#abs/2017MNRAS.470.2659G},
      adsnote = {Provided by the SAO/NASA Astrophysics Data System}
}

@ARTICLE{2002astro.ph..7156C,
       author = {{Cordes}, J.~M. and {Lazio}, T.~J.~W.},
        title = "{NE2001.I. A New Model for the Galactic Distribution of Free Electrons and its Fluctuations}",
      journal = {arXiv e-prints},
     keywords = {Astrophysics},
         year = "2002",
        month = "Jul",
          eid = {astro-ph/0207156},
        pages = {astro-ph/0207156},
archivePrefix = {arXiv},
       eprint = {astro-ph/0207156},
 primaryClass = {astro-ph},
       adsurl = {https://ui.adsabs.harvard.edu/\#abs/2002astro.ph..7156C},
      adsnote = {Provided by the SAO/NASA Astrophysics Data System}
}


